<record><leader>00000cas a2200000 a 4500</leader><controlfield tag="001">6321517</controlfield><controlfield tag="008">800515d18411842nyuwr ne      0   a0eng d</controlfield><datafield ind1=" " ind2=" " tag="010"><subfield code="a">sn 84031294 </subfield></datafield><datafield ind1=" " ind2=" " tag="040"><subfield code="a">ZEM</subfield><subfield code="b">eng</subfield><subfield code="c">ZEM</subfield><subfield code="d">NYG</subfield><subfield code="d">NYS</subfield><subfield code="d">OCL</subfield><subfield code="d">OCLCQ</subfield><subfield code="d">OCLCF</subfield><subfield code="d">OCLCO</subfield></datafield><datafield ind1="1" ind2=" " tag="029"><subfield code="a">AU@</subfield><subfield code="b">000020121755</subfield></datafield><datafield ind1=" " ind2=" " tag="042"><subfield code="a">msc</subfield></datafield><datafield ind1=" " ind2=" " tag="043"><subfield code="a">n-us-ny</subfield></datafield><datafield ind1=" " ind2=" " tag="045"><subfield code="a">w4w4</subfield></datafield><datafield ind1="0" ind2=" " tag="130"><subfield code="a">Geneva advertiser (Geneva, N.Y. : 1841)</subfield></datafield><datafield ind1="1" ind2="0" tag="245"><subfield code="a">Geneva advertiser.</subfield></datafield><datafield ind1=" " ind2=" " tag="260"><subfield code="a">Geneva [N.Y.] :</subfield><subfield code="b">Stow &amp; Frazee,</subfield><subfield code="c">1841-1842.</subfield></datafield><datafield ind1=" " ind2=" " tag="300"><subfield code="a">2 v. :</subfield><subfield code="b">ill. ;</subfield><subfield code="c">42 cm.</subfield></datafield><datafield ind1=" " ind2=" " tag="310"><subfield code="a">Weekly,</subfield><subfield code="b">Nov. 25, 1842-Dec. 16, 1842</subfield></datafield><datafield ind1=" " ind2=" " tag="321"><subfield code="a">Weekly,</subfield><subfield code="b">&lt;1841&gt;-Oct. 5, 1842</subfield></datafield><datafield ind1=" " ind2=" " tag="321"><subfield code="a">Semiweekly,</subfield><subfield code="b">Oct. 11, 1842-Nov. 18, 1842</subfield></datafield><datafield ind1="0" ind2=" " tag="362"><subfield code="a">Vol. 1, no. 1 (July 28, 1841)-v. 2, no. 75 (Dec. 16, 1842).</subfield></datafield><datafield ind1=" " ind2=" " tag="500"><subfield code="a">Publishers: Stow &amp; Frazee, -June 15, 1842; Stowe &amp; Co., June 22, 1842-Sept. 7, 1842; Scotten, Merrell &amp; Stow, Sept. 14, 1842-Dec. 16, 1842.</subfield></datafield><datafield ind1=" " ind2=" " tag="500"><subfield code="a">Published on Wednesday, &lt;1841&gt;; on Tuesday and Friday, &lt;1842&gt;.</subfield></datafield><datafield ind1=" " ind2=" " tag="515"><subfield code="a">Vol. 2, no. [6-23] called v. 2, no. 58-75.</subfield></datafield><datafield ind1=" " ind2=" " tag="530"><subfield code="a">Available on microfilm from Micro Photo Division, Bell and Howell Co.</subfield></datafield><datafield ind1=" " ind2=" " tag="588"><subfield code="a">Description based on: Vol. 1, no. 19 (Dec. 22, 1841).</subfield></datafield><datafield ind1=" " ind2="0" tag="651"><subfield code="a">Geneva (N.Y.)</subfield><subfield code="v">Newspapers.</subfield></datafield><datafield ind1=" " ind2="7" tag="655"><subfield code="a">Newspapers.</subfield><subfield code="2">fast</subfield><subfield code="0">(OCoLC)fst01423814</subfield></datafield><datafield ind1=" " ind2="7" tag="651"><subfield code="a">New York (State)</subfield><subfield code="z">Geneva.</subfield><subfield code="2">fast</subfield><subfield code="0">(OCoLC)fst01202948</subfield></datafield><datafield ind1=" " ind2=" " tag="752"><subfield code="a">United States</subfield><subfield code="b">New York</subfield><subfield code="c">Ontario</subfield><subfield code="d">Geneva.</subfield></datafield><datafield ind1="0" ind2="0" tag="785"><subfield code="t">Geneva advertiser and mechanics advocate</subfield><subfield code="w">(DLC)sn 88074654</subfield></datafield><datafield ind1=" " ind2=" " tag="936"><subfield code="a">July 28, 1841</subfield></datafield></record>